@article{1976jelinekcontinuous,
	author={F. Jelinek},
	year={1976},
	title={Continuous speech recognition by statistical methods},
	journal={Proceedings of the IEEE},
	volume={64},
	number={4},
	pages={532-556},
	abstract={Statistical methods useful in automatic recognition of continuous speech are described. They concern modeling of a speaker and of an acoustic processor, extraction of the models' statistical parameters and hypothesis search procedures and likelihood computations of linguistic decoding. Experimental results are presented that indicate the power of the methods.},
	isbn={0018-9219},
	language={English},
	doi={10.1109/PROC.1976.10159}
}

@article{nunamaker1990systems,
  title={Systems development in information systems research},
  author={Nunamaker Jr, Jay F and Chen, Minder and Purdin, Titus DM},
  journal={Journal of management information systems},
  volume={7},
  number={3},
  pages={89--106},
  year={1990},
  publisher={Taylor \& Francis}
}

@article{mallat2016understanding,
  title={Understanding deep convolutional networks},
  author={Mallat, St{\'e}phane},
  journal={Phil. Trans. R. Soc. A},
  volume={374},
  number={2065},
  pages={20150203},
  year={2016},
  publisher={The Royal Society}
}

@article{furui1986speaker,
  title={Speaker-independent isolated word recognition using dynamic features of speech spectrum},
  author={Furui, Sadaoki},
  journal={IEEE Transactions on Acoustics, Speech, and Signal Processing},
  volume={34},
  number={1},
  pages={52--59},
  year={1986},
  publisher={IEEE}
}

@article{hermansky1994rasta,
  title={RASTA processing of speech},
  author={Hermansky, Hynek and Morgan, Nelson},
  journal={IEEE transactions on speech and audio processing},
  volume={2},
  number={4},
  pages={578--589},
  year={1994},
  publisher={IEEE}
}

@article{hermansky1990perceptual,
	author={Hynek Hermansky},
	year={1990},
	title={Perceptual linear predictive (PLP) analysis of speech},
	journal={The Journal of the Acoustical Society of America},
	volume={87},
	number={4},
	pages={1738-1752}
}

@inproceedings{anden2011multiscale,
  title={Multiscale Scattering for Audio Classification.},
  author={And{\'e}n, Joakim and Mallat, St{\'e}phane},
  booktitle={ISMIR},
  pages={657--662},
  year={2011},
  organization={Miami, FL}
}

@incollection{davis1990comparison,
  title={Comparison of parametric representations for monosyllabic word recognition in continuously spoken sentences},
  author={Davis, Steven B and Mermelstein, Paul},
  booktitle={Readings in speech recognition},
  pages={65--74},
  year={1990},
  publisher={Elsevier}
}

@article{anden2014deep,
  title={Deep scattering spectrum},
  author={And{\'e}n, Joakim and Mallat, St{\'e}phane},
  journal={IEEE Transactions on Signal Processing},
  volume={62},
  number={16},
  pages={4114--4128},
  year={2014},
  publisher={IEEE}
}

@INPROCEEDINGS{7953164, 
author={A. Rosenberg and K. Audhkhasi and A. Sethy and B. Ramabhadran and M. Picheny}, 
booktitle={2017 IEEE International Conference on Acoustics, Speech and Signal Processing (ICASSP)}, 
title={End-to-end speech recognition and keyword search on low-resource languages}, 
year={2017}, 
volume={}, 
number={}, 
pages={5280-5284}, 
keywords={natural language processing;speech recognition;end-to-end speech recognition systems;keyword search;low-resource languages;ASR frameworks;orthographic query;speech corpus;automatic speech recognition;Connectionist Temporal Classification;CTC networks;recurrent encoder-decoders;ASR systems;IARPA BABEL OP3 languages;evaluation framework;Speech recognition;Hidden Markov models;Acoustics;Training;Decoding;Keyword search;Indexes;keyword search;end-to-end speech recognition;CTC;attention networks}, 
doi={10.1109/ICASSP.2017.7953164}, 
ISSN={2379-190X}, 
month={March},}

@inproceedings{amodei2016deep,
  title={Deep speech 2: End-to-end speech recognition in english and mandarin},
  author={Amodei, Dario and Ananthanarayanan, Sundaram and Anubhai, Rishita and Bai, Jingliang and Battenberg, Eric and Case, Carl and Casper, Jared and Catanzaro, Bryan and Cheng, Qiang and Chen, Guoliang and others},
  booktitle={International Conference on Machine Learning},
  pages={173--182},
  year={2016}
}

@inproceedings{peddinti2014deep,
  title={Deep scattering spectrum with deep neural networks},
  author={Peddinti, Vijayaditya and Sainath, TaraN and Maymon, Shay and Ramabhadran, Bhuvana and Nahamoo, David and Goel, Vaibhava},
  booktitle={Acoustics, Speech and Signal Processing (ICASSP), 2014 IEEE International Conference on},
  pages={210--214},
  year={2014},
  organization={IEEE}
}

@article{kunze2017transfer,
  title={Transfer learning for speech recognition on a budget},
  author={Kunze, Julius and Kirsch, Louis and Kurenkov, Ilia and Krug, Andreas and Johannsmeier, Jens and Stober, Sebastian},
  journal={arXiv preprint arXiv:1706.00290},
  year={2017}
}

@article{collobert2016wav2letter,
  title={Wav2letter: an end-to-end convnet-based speech recognition system},
  author={Collobert, Ronan and Puhrsch, Christian and Synnaeve, Gabriel},
  journal={arXiv preprint arXiv:1609.03193},
  year={2016}
}

@inproceedings{graves2006connectionist,
  title={Connectionist temporal classification: labelling unsegmented sequence data with recurrent neural networks},
  author={Graves, Alex and Fern{\'a}ndez, Santiago and Gomez, Faustino and Schmidhuber, J{\"u}rgen},
  booktitle={Proceedings of the 23rd international conference on Machine learning},
  pages={369--376},
  year={2006},
  organization={ACM}
}

@inproceedings{graves2014towards,
  title={Towards end-to-end speech recognition with recurrent neural networks},
  author={Graves, Alex and Jaitly, Navdeep},
  booktitle={International Conference on Machine Learning},
  pages={1764--1772},
  year={2014}
}

@article{mohamed2012acoustic,
  title={Acoustic modeling using deep belief networks},
  author={Mohamed, Abdel-rahman and Dahl, George E and Hinton, Geoffrey and others},
  journal={IEEE Trans. Audio, Speech \& Language Processing},
  volume={20},
  number={1},
  pages={14--22},
  year={2012}
}

@inproceedings{woodland2000large,
  title={Large scale discriminative training for speech recognition},
  author={Woodland, PC and Povey, Daniel},
  booktitle={ASR2000-Automatic Speech Recognition: Challenges for the new Millenium ISCA Tutorial and Research Workshop (ITRW)},
  year={2000}
}

@article{povey2011subspace,
  title={The subspace Gaussian mixture model—A structured model for speech recognition},
  author={Povey, Daniel and Burget, Luk{\'a}{\v{s}} and Agarwal, Mohit and Akyazi, Pinar and Kai, Feng and Ghoshal, Arnab and Glembek, Ond{\v{r}}ej and Goel, Nagendra and Karafi{\'a}t, Martin and Rastrow, Ariya and others},
  journal={Computer Speech \& Language},
  volume={25},
  number={2},
  pages={404--439},
  year={2011},
  publisher={Elsevier}
}

@inproceedings{ghoshal2013multilingual,
  title={Multilingual training of deep neural networks},
  author={Ghoshal, Arnab and Swietojanski, Pawel and Renals, Steve},
  booktitle={Acoustics, Speech and Signal Processing (ICASSP), 2013 IEEE International Conference on},
  pages={7319--7323},
  year={2013},
  organization={IEEE}
}

@inproceedings{vu2013multilingual,
  title={Multilingual multilayer perceptron for rapid language adaptation between and across language families.},
  author={Vu, Ngoc Thang and Schultz, Tanja},
  booktitle={Interspeech},
  pages={515--519},
  year={2013}
}

@article{young2002htk,
  title={The HTK book},
  author={Young, Steve and Evermann, Gunnar and Gales, Mark and Hain, Thomas and Kershaw, Dan and Liu, Xunying and Moore, Gareth and Odell, Julian and Ollason, Dave and Povey, Dan and others},
  journal={Cambridge university engineering department},
  volume={3},
  pages={175},
  year={2002}
}

@misc{ethnologue,
	author={Gary F. Simons and Charles D. Fennig},
	year={2018},
	title={ Ethnologue: Languages of the World, Twenty-first edition.},
	volume={2018},
	number={11/11/},
	url={http://www.ethnologue.com.}
}

@phdthesis{berment2004methodes,
  title={M{\'e}thodes pour informatiser les langues et les groupes de langues {\guillemotleft}peu dot{\'e}es{\guillemotright}},
  author={Berment, Vincent},
  year={2004},
  school={Universit{\'e} Joseph-Fourier-Grenoble I}
}

@book{wakirike,
	author={Charles Ogan D. S.},
	year={2008},
	title={Okrika: A kingdom of the Niger Delta},
	publisher={Onyoma Research Publications},
	address={Port Harcourt, Rivers State, Nigeria},
	edition={1},
	pages={27}
}

@article{hannun2014deep,
  title={Deep speech: Scaling up end-to-end speech recognition},
  author={Hannun, Awni and Case, Carl and Casper, Jared and Catanzaro, Bryan and Diamos, Greg and Elsen, Erich and Prenger, Ryan and Satheesh, Sanjeev and Sengupta, Shubho and Coates, Adam and others},
  journal={arXiv preprint arXiv:1412.5567},
  year={2014}
}

@article{hannun2014first,
  title={First-pass large vocabulary continuous speech recognition using bi-directional recurrent DNNs},
  author={Hannun, Awni Y and Maas, Andrew L and Jurafsky, Daniel and Ng, Andrew Y},
  journal={arXiv preprint arXiv:1408.2873},
  year={2014}
}

@article{saon2015ibm,
  title={The IBM 2015 English conversational telephone speech recognition system},
  author={Saon, George and Kuo, Hong-Kwang J and Rennie, Steven and Picheny, Michael},
  journal={arXiv preprint arXiv:1505.05899},
  year={2015}
}

@article{deng2014deep,
  title={Deep learning: methods and applications},
  author={Deng, Li and Yu, Dong and others},
  journal={Foundations and Trends{\textregistered} in Signal Processing},
  volume={7},
  number={3--4},
  pages={197--387},
  year={2014},
  publisher={Now Publishers, Inc.}
}

@book{2015watanabe,
author={Watanabe,Shinji (. e. and Chien,Jen-Tzung},
year={2015},
title={Bayesian speech and language processing},
publisher={Cambridge University Press},
address={Cambridge},
keywords={Mechanical speech recognizer; Speech processing systems; Mathematical models; Speech recognition, Automatic; Automatic speech recognition},
isbn={1107055571;9781107055575;},
language={English},
}

@article{deng2013machine,
  title={Machine learning paradigms for speech recognition: An overview},
  author={Deng, Li and Li, Xiao},
  journal={IEEE Transactions on Audio, Speech, and Language Processing},
  volume={21},
  number={5},
  pages={1060--1089},
  year={2013},
  publisher={IEEE}
}

@article{gales2012structured,
  title={Structured discriminative models for speech recognition: An overview},
  author={Gales, Mark John Francis and Watanabe, Shinji and Fosler-Lussier, Eric},
  journal={IEEE Signal Processing Magazine},
  volume={29},
  number={6},
  pages={70--81},
  year={2012},
  publisher={IEEE}
}

@inproceedings{goodfellow2014generative,
  title={Generative adversarial nets},
  author={Goodfellow, Ian and Pouget-Abadie, Jean and Mirza, Mehdi and Xu, Bing and Warde-Farley, David and Ozair, Sherjil and Courville, Aaron and Bengio, Yoshua},
  booktitle={Advances in neural information processing systems},
  pages={2672--2680},
  year={2014}
}

@article{cho2014learning,
  title={Learning phrase representations using RNN encoder-decoder for statistical machine translation},
  author={Cho, Kyunghyun and Van Merri{\"e}nboer, Bart and Gulcehre, Caglar and Bahdanau, Dzmitry and Bougares, Fethi and Schwenk, Holger and Bengio, Yoshua},
  journal={arXiv preprint arXiv:1406.1078},
  year={2014}
}

@book{geron2017,
author={Géron,Aurélien},
year={2017},
title={Hands-on machine learning with Scikit-Learn and TensorFlow: concepts, tools, and techniques to build intelligent systems},
publisher={O'Reilly},
address={Beijing},
edition={First},
keywords={Computers and IT; Machine learning},
isbn={9781491962299;1491962291;},
language={English},
}

@book{marsland2009,
author={Marsland,Stephen},
year={2009},
title={Machine learning: an algorithmic perspective},
publisher={Chapman & Hall/CRC},
address={Boca Raton;London;},
keywords={Algorithms; Machine learning},
isbn={1420067184;9781420067187;},
language={English},
url={http://hud.summon.serialssolutions.com/2.0.0/link/0/eLvHCXMwbV25DsIwDLU4FiSkcopT6g8UaNK0ZEYgFjYkxspJU2Bhgv8nblNAwJgMTiI5tny8ZwDOFqvgyyYQz3csNK41ZpqFaP1IFiVa2fhC5OuCdvuDmOlFu10l3i6PzEGrNN6psrlUV7WMmRRS1KGeJKTb4Ym_syuRkDySJZKLLLI9qCJ4cmvyR1buhzfZdaBBCIMu1MytB141V8F336wP3qHocDS-G-lwHsB4tz1u9oGVlLqES1reiw2hjdSlfrsXaLZsBP5KIU94bkMqKYh7CzlHI-IoVBLRMDWG7q-gyb_NKbTKugYlA2bQzK2ymnnxoidGUGLj},
}
}

@inproceedings{snoek2012practical,
  title={Practical bayesian optimization of machine learning algorithms},
  author={Snoek, Jasper and Larochelle, Hugo and Adams, Ryan P},
  booktitle={Advances in neural information processing systems},
  pages={2951--2959},
  year={2012}
}

@article{xu2013cross,
  title={Cross-lingual language modeling for low-resource speech recognition},
  author={Xu, Ping and Fung, Pascale},
  journal={IEEE Transactions on Audio, Speech, and Language Processing},
  volume={21},
  number={6},
  pages={1134--1144},
  year={2013},
  publisher={IEEE}
}

@inproceedings{kim2016character,
  title={Character-Aware Neural Language Models.},
  author={Kim, Yoon and Jernite, Yacine and Sontag, David and Rush, Alexander M},
  booktitle={AAAI},
  pages={2741--2749},
  year={2016}
}

@inproceedings{chen1996empirical,
  title={An empirical study of smoothing techniques for language modeling},
  author={Chen, Stanley F and Goodman, Joshua},
  booktitle={Proceedings of the 34th annual meeting on Association for Computational Linguistics},
  pages={310--318},
  year={1996},
  organization={Association for Computational Linguistics}
}

@article{bengio2003neural,
  title={A neural probabilistic language model},
  author={Bengio, Yoshua and Ducharme, R{\'e}jean and Vincent, Pascal and Jauvin, Christian},
  journal={Journal of machine learning research},
  volume={3},
  number={Feb},
  pages={1137--1155},
  year={2003}
}

@inproceedings{mikolov2011empirical,
  title={Empirical evaluation and combination of advanced language modeling techniques},
  author={Mikolov, Tom{\'a}{\v{s}} and Deoras, Anoop and Kombrink, Stefan and Burget, Luk{\'a}{\v{s}} and {\v{C}}ernock{\`y}, Jan},
  booktitle={Twelfth Annual Conference of the International Speech Communication Association},
  year={2011}
}

@inproceedings{sutskever2014sequence,
  title={Sequence to sequence learning with neural networks},
  author={Sutskever, Ilya and Vinyals, Oriol and Le, Quoc V},
  booktitle={Advances in neural information processing systems},
  pages={3104--3112},
  year={2014}
}

@inproceedings{luong2013better,
  title={Better word representations with recursive neural networks for morphology.},
  author={Luong, Thang and Socher, Richard and Manning, Christopher D},
  booktitle={CoNLL},
  pages={104--113},
  year={2013}
}

@inproceedings{versteegh2015zero,
  title={The zero resource speech challenge 2015},
  author={Versteegh, Maarten and Thiolliere, Roland and Schatz, Thomas and Cao, Xuan Nga and Anguera, Xavier and Jansen, Aren and Dupoux, Emmanuel},
  booktitle={Sixteenth Annual Conference of the International Speech Communication Association},
  year={2015}
}

@article{besacier2014automatic,
  title={Automatic speech recognition for under-resourced languages: A survey},
  author={Besacier, Laurent and Barnard, Etienne and Karpov, Alexey and Schultz, Tanja},
  journal={Speech Communication},
  volume={56},
  pages={85--100},
  year={2014},
  publisher={Elsevier}
}

@book{allen1995natural,
  title={Natural language understanding},
  author={Allen, James},
  year={1995},
  publisher={Pearson}
}

@inproceedings{graves2013hybrid,
  title={Hybrid speech recognition with deep bidirectional LSTM},
  author={Graves, Alex and Jaitly, Navdeep and Mohamed, Abdel-rahman},
  booktitle={Automatic Speech Recognition and Understanding (ASRU), 2013 IEEE Workshop on},
  pages={273--278},
  year={2013},
  organization={IEEE}
}
